@article{hickernell2005control,
  title={Control variates for quasi-Monte Carlo},
    author={Hickernell, Fred J and Lemieux, Christiane and Owen, Art B and others},
      journal={Statistical Science},
        volume={20},
          number={1},
            pages={1--31},
              year={2005},
                publisher={Institute of Mathematical Statistics}
                }
@article{hickernell2014reliable,
       title={Reliable adaptive cubature using digital sequences},
         author={Hickernell, Fred J and Rugama, Llu{\'\i}s Antoni Jim{\'e}nez},
           journal={arXiv preprint arXiv:1410.8615},
             year={2014}
 }
@book{dick2010digital,
       title={Digital nets and sequences: Discrepancy Theory and Quasi--Monte Carlo Integration},
         author={Dick, Josef and Pillichshammer, Friedrich},
           year={2010},
             publisher={Cambridge University Press}
      }
@article{avramidis1996integrated,
      title={Integrated variance reduction strategies for simulation},
        author={Avramidis, Athanassios N and Wilson, James R},
          journal={Operations Research},
            volume={44},
              number={2},
                pages={327--346},
                  year={1996},
                    publisher={INFORMS}
}

@book{niederreiter2010quasi,
      title={Quasi-Monte Carlo Methods},
        author={Niederreiter, Harald},
          year={2010},
            publisher={Wiley Online Library}
}

@book{fishman2013monte,
      title={Monte Carlo: concepts, algorithms, and applications},
        author={Fishman, George},
          year={2013},
            publisher={Springer Science \& Business Media}
}

@article{owen2006warnock,
      title={On the Warnock-Halton quasi-standard error},
        author={Owen, Art B},
          journal={Monte Carlo Methods and Applications mcma},
            volume={12},
              number={1},
                pages={47--54},
                  year={2006}
}
@article{rugama2014adaptive,
      title={Adaptive multidimensional integration based on rank-1 lattices},
        author={Rugama, Llu{\'\i}s Antoni Jim{\'e}nez and Hickernell, Fred J},
          journal={arXiv preprint arXiv:1411.1966},
            year={2014}
}
